@inproceedings{kirillov2023segment,
  title     = {Segment anything},
  author    = {Kirillov, Alexander and Mintun, Eric and Ravi, Nikhila and Mao, Hanzi and Rolland, Chloe and Gustafson, Laura and Xiao, Tete and Whitehead, Spencer and Berg, Alexander C and Lo, Wan-Yen and others},
  booktitle = {Proceedings of the IEEE/CVF international conference on computer vision},
  pages     = {4015--4026},
  year      = {2023}
}

@article{stringer2021cellpose,
  title     = {Cellpose: a generalist algorithm for cellular segmentation},
  author    = {Stringer, Carsen and Wang, Tim and Michaelos, Michalis and Pachitariu, Marius},
  journal   = {Nature methods},
  volume    = {18},
  number    = {1},
  pages     = {100--106},
  year      = {2021},
  publisher = {Nature Publishing Group US New York}
}

@inproceedings{cheng2024putting,
  title     = {Putting the object back into video object segmentation},
  author    = {Cheng, Ho Kei and Oh, Seoung Wug and Price, Brian and Lee, Joon-Young and Schwing, Alexander},
  booktitle = {Proceedings of the IEEE/CVF Conference on Computer Vision and Pattern Recognition},
  pages     = {3151--3161},
  year      = {2024}
}

@article{tinevez2017trackmate,
  title     = {TrackMate: An open and extensible platform for single-particle tracking},
  author    = {Tinevez, Jean-Yves and Perry, Nick and Schindelin, Johannes and Hoopes, Genevieve M and Reynolds, Gregory D and Laplantine, Emmanuel and Bednarek, Sebastian Y and Shorte, Spencer L and Eliceiri, Kevin W},
  journal   = {Methods},
  volume    = {115},
  pages     = {80--90},
  year      = {2017},
  publisher = {Elsevier}
}

@inproceedings{schmidt2018cell,
  title        = {Cell detection with star-convex polygons},
  author       = {Schmidt, Uwe and Weigert, Martin and Broaddus, Coleman and Myers, Gene},
  booktitle    = {International conference on medical image computing and computer-assisted intervention},
  pages        = {265--273},
  year         = {2018},
  organization = {Springer}
}

@article{jaqaman2008robust,
  title     = {Robust single-particle tracking in live-cell time-lapse sequences},
  author    = {Jaqaman, Khuloud and Loerke, Dinah and Mettlen, Marcel and Kuwata, Hirotaka and Grinstein, Sergio and Schmid, Sandra L and Danuser, Gaudenz},
  journal   = {Nature methods},
  volume    = {5},
  number    = {8},
  pages     = {695--702},
  year      = {2008},
  publisher = {Nature Publishing Group US New York}
}

@article{gjorevski2022tissue,
  title     = {Tissue geometry drives deterministic organoid patterning},
  author    = {Gjorevski, Nikolche and Nikolaev, Mikhail and Brown, Tobin E and Mitrofanova, Olga and Brandenberg, Nathalie and DelRio, Frank W and Yavitt, Francis M and Liberali, Prisca and Anseth, Kristi S and Lutolf, Matthias P},
  journal   = {Science},
  volume    = {375},
  number    = {6576},
  pages     = {eaaw9021},
  year      = {2022},
  publisher = {American Association for the Advancement of Science}
}

@article{cutler2022omnipose,
  title     = {Omnipose: a high-precision morphology-independent solution for bacterial cell segmentation},
  author    = {Cutler, Kevin J and Stringer, Carsen and Lo, Teresa W and Rappez, Luca and Stroustrup, Nicholas and Brook Peterson, S and Wiggins, Paul A and Mougous, Joseph D},
  journal   = {Nature methods},
  volume    = {19},
  number    = {11},
  pages     = {1438--1448},
  year      = {2022},
  publisher = {Nature Publishing Group US New York}
}

@article{spahn2022deepbacs,
  title     = {DeepBacs for multi-task bacterial image analysis using open-source deep learning approaches},
  author    = {Spahn, Christoph and G{\'o}mez-de-Mariscal, Estibaliz and Laine, Romain F and Pereira, Pedro M and von Chamier, Lucas and Conduit, Mia and Pinho, Mariana G and Jacquemet, Guillaume and Holden, S{\'e}amus and Heilemann, Mike and others},
  journal   = {Communications Biology},
  volume    = {5},
  number    = {1},
  pages     = {688},
  year      = {2022},
  publisher = {Nature Publishing Group UK London}
}

@article{kumar2017dataset,
  title     = {A dataset and a technique for generalized nuclear segmentation for computational pathology},
  author    = {Kumar, Neeraj and Verma, Ruchika and Sharma, Sanuj and Bhargava, Surabhi and Vahadane, Abhishek and Sethi, Amit},
  journal   = {IEEE transactions on medical imaging},
  volume    = {36},
  number    = {7},
  pages     = {1550--1560},
  year      = {2017},
  publisher = {IEEE}
}
